%% This BibTeX bibliography file was created using BibDesk.
%% http://bibdesk.sourceforge.net/


%% Created for Miles Houston at 2015-11-22 21:45:33 -0800 


%% Saved with string encoding Unicode (UTF-8) 



@phdthesis{responsivity,
	Author = {Gui, Gui, Ph.D.},
	Date-Added = {2015-11-23 05:43:47 +0000},
	Date-Modified = {2015-11-23 05:45:28 +0000},
	School = {THE UNIVERSITY OF WISCONSIN - MADISON},
	Title = {Study of graphene bandgap engineering and betavoltaic and optoelectronic devices},
	Year = {2014}}

@book{verdeyen,
	Author = {Joseph T. Verdeyen},
	Date-Added = {2015-11-22 21:25:39 +0000},
	Date-Modified = {2015-11-22 21:28:59 +0000},
	Publisher = {Prentice-Hall, Inc.},
	Title = {Laser Electronics},
	Year = {1981}}

@manual{diode-curve,
	Date-Added = {2015-10-23 05:38:53 +0000},
	Date-Modified = {2015-10-23 05:40:33 +0000},
	Organization = {OSI Optoelectronics},
	Title = {Photodiode Characteristics and Applications}}

@article{cavity_stability,
	Author = {Igor A. Litvin},
	Date-Added = {2015-10-22 01:19:20 +0000},
	Date-Modified = {2015-10-22 01:21:47 +0000},
	Journal = {Optical Society of America},
	Number = {9},
	Title = {Stability of a laser cavity with non-parabolic phase transformation elements},
	Volume = {21},
	Year = {2013}}

@url{website,
	Date-Added = {2015-03-17 02:38:06 +0000},
	Date-Modified = {2015-03-18 06:35:13 +0000},
	Title = {Instructions for Scanning Fabry-Perot Interferometer Kit 1},
	Url = {http://repairfaq.cis.upenn.edu/Misc/sale/sfpiins1.htm},
	Year = {2013},
	Bdsk-Url-1 = {http://repairfaq.cis.upenn.edu/Misc/sale/sfpiins1.htm}}

@book{jenkinsnwhite,
	Author = {F. Jenkins and H. E. White},
	Date-Added = {2015-03-16 05:53:05 +0000},
	Date-Modified = {2015-03-16 05:53:52 +0000},
	Publisher = {McGraw Hill},
	Title = {Fundamentals of Optics},
	Year = {1950}}

@book{optics,
	Author = {A. Zajac and E. Hecht},
	Date-Added = {2015-03-16 05:51:25 +0000},
	Date-Modified = {2015-03-16 05:52:55 +0000},
	Edition = {4},
	Publisher = {Pearson Higher Education},
	Title = {Optics},
	Year = {2003}}

@book{fund_electronics,
	Author = {C. K. Alexander and M. N. O. Sadiku},
	Date-Added = {2015-03-16 05:49:37 +0000},
	Date-Modified = {2015-03-16 05:51:21 +0000},
	Edition = {5},
	Publisher = {McGraw Hill},
	Title = {Fundementals of Electronics},
	Year = {2013}}

@manual{spectraphysics470,
	Date-Added = {2015-03-16 05:46:26 +0000},
	Date-Modified = {2015-03-16 05:46:26 +0000},
	Organization = {Spectra Physics: Laser Instrument Division},
	Pages = {20},
	Title = {Model 470 Interferometer}}

@techreport{piezo,
	Author = {Kenji Uchino},
	Date-Added = {2015-03-16 05:43:01 +0000},
	Date-Modified = {2015-03-16 05:45:32 +0000},
	Institution = {Penn State University},
	Journal = {Internation Center for Actuators and Transducers},
	Number = {1},
	Title = {Introduction to Piezoelectric Actuators and Transducers},
	Type = {25},
	Year = {1986},
	Bdsk-File-1 = {YnBsaXN0MDDUAQIDBAUGJCVYJHZlcnNpb25YJG9iamVjdHNZJGFyY2hpdmVyVCR0b3ASAAGGoKgHCBMUFRYaIVUkbnVsbNMJCgsMDxJXTlMua2V5c1pOUy5vYmplY3RzViRjbGFzc6INDoACgAOiEBGABIAFgAdccmVsYXRpdmVQYXRoWWFsaWFzRGF0YV8QIC4uLy4uLy4uL0Rvd25sb2Fkcy9BREE0Mjk2NTkucGRm0hcLGBlXTlMuZGF0YU8RAYYAAAAAAYYAAgAADE1hY2ludG9zaCBIRAAAAAAAAAAAAAAAAAAAANDTfIhIKwAAAAUzjA1BREE0Mjk2NTkucGRmAAAAAAAAAAAAAAAAAAAAAAAAAAAAAAAAAAAAAAAAAAAAAAAAAAAAAAAAAAAAAAAAAAAAWiDb0k8RKgAAAAAAAAAAAAMAAgAACSAAAAAAAAAAAAAAAAAAAAAJRG93bmxvYWRzAAAQAAgAANDT7QgAAAARAAgAANJPc5oAAAABAAwABTOMAAUzKgAAwAoAAgA5TWFjaW50b3NoIEhEOlVzZXJzOgBhdmlhdG9yYmx1ZToARG93bmxvYWRzOgBBREE0Mjk2NTkucGRmAAAOABwADQBBAEQAQQA0ADIAOQA2ADUAOQAuAHAAZABmAA8AGgAMAE0AYQBjAGkAbgB0AG8AcwBoACAASABEABIAKVVzZXJzL2F2aWF0b3JibHVlL0Rvd25sb2Fkcy9BREE0Mjk2NTkucGRmAAATAAEvAAAVAAIAEv//AACABtIbHB0eWiRjbGFzc25hbWVYJGNsYXNzZXNdTlNNdXRhYmxlRGF0YaMdHyBWTlNEYXRhWE5TT2JqZWN00hscIiNcTlNEaWN0aW9uYXJ5oiIgXxAPTlNLZXllZEFyY2hpdmVy0SYnVHJvb3SAAQAIABEAGgAjAC0AMgA3AEAARgBNAFUAYABnAGoAbABuAHEAcwB1AHcAhACOALEAtgC+AkgCSgJPAloCYwJxAnUCfAKFAooClwKaAqwCrwK0AAAAAAAAAgEAAAAAAAAAKAAAAAAAAAAAAAAAAAAAArY=}}

@article{reich,
	Author = {M. Reich and R. Schieder and H. Clar and G Winnewisser},
	Date-Added = {2015-03-16 05:39:12 +0000},
	Date-Modified = {2015-03-16 05:42:35 +0000},
	Journal = {Applied Optics},
	Number = {1},
	Pages = {5},
	Title = {Internally coupled Fabry-Perot interferometer for high precision wavelength control of tunable diode lasers},
	Volume = {25},
	Year = {1986}}

@article{fabry-perot,
	Author = {CH. Fabry and A. Perot},
	Date-Added = {2015-03-16 05:37:03 +0000},
	Date-Modified = {2015-03-16 05:44:07 +0000},
	Journal = {Astrophysical Journal},
	Pages = {87},
	Title = {On a New Form of Interferometer},
	Volume = {9},
	Year = {1901}}

@article{ford,
	Author = {E. Ford and A. Aruliah and E. Griffin and I. McWhirter},
	Date-Added = {2015-03-16 05:32:32 +0000},
	Date-Modified = {2015-03-16 05:43:51 +0000},
	Journal = {Annales Geophysicae},
	Number = {6},
	Pages = {1269-1278},
	Title = {High time resolution measurements of the thermosphere from Fabry-Perot Interferometer measurements of atomic oxygen},
	Volume = {25},
	Year = {2007}}

@mastersthesis{newell,
	Author = {John Witaker Newell},
	Date-Added = {2015-03-16 05:28:00 +0000},
	Date-Modified = {2015-03-16 05:33:22 +0000},
	School = {United States Naval Postgraduate School},
	Title = {A Scanning Fabry Perot Interferometer for Laser Mode Analysis},
	Year = {1965}}

@article{hercher,
	Author = {Michael Hercher},
	Date-Added = {2015-03-16 05:26:18 +0000},
	Date-Modified = {2015-03-16 05:27:40 +0000},
	Journal = {Applied Optics},
	Number = {5},
	Pages = {951-966},
	Title = {The Spherical Mirror Fabry-Perot Interferometer},
	Volume = {7},
	Year = {1968}}

@manual{sfpidriver,
	Date-Added = {2015-03-16 05:23:07 +0000},
	Date-Modified = {2015-03-16 05:47:03 +0000},
	Organization = {Spectra Physics: Laser Instrument Division},
	Pages = {9},
	Title = {Model 476 Scanning Interferometer Driver},
	Year = {1979}}
